<record><leader>00000cas a22000007a 4500</leader><controlfield tag="001">11500277</controlfield><controlfield tag="008">841217d182u182umduir ne      0    0eng d</controlfield><datafield ind1=" " ind2=" " tag="010"><subfield code="a">sn 84038772 </subfield></datafield><datafield ind1=" " ind2=" " tag="040"><subfield code="a">NPX</subfield><subfield code="b">eng</subfield><subfield code="c">NPX</subfield><subfield code="d">MFN</subfield><subfield code="d">OCLCQ</subfield></datafield><datafield ind1=" " ind2=" " tag="042"><subfield code="a">msc</subfield></datafield><datafield ind1="0" ind2="0" tag="245"><subfield code="a">Federal gazette.</subfield></datafield><datafield ind1=" " ind2=" " tag="260"><subfield code="a">Baltimore [Md.] :</subfield><subfield code="b">William Gwynn</subfield></datafield><datafield ind1=" " ind2=" " tag="300"><subfield code="a">v.</subfield></datafield><datafield ind1=" " ind2=" " tag="310"><subfield code="a">Triweekly</subfield></datafield><datafield ind1=" " ind2=" " tag="588"><subfield code="a">Description based on: Oct. 9, 1824.</subfield></datafield><datafield ind1=" " ind2=" " tag="752"><subfield code="a">United States</subfield><subfield code="b">Maryland</subfield><subfield code="d">Baltimore.</subfield></datafield><datafield ind1="0" ind2=" " tag="775"><subfield code="t">Federal gazette &amp; Baltimore daily advertiser (Baltimore, Md. : Daily)</subfield><subfield code="w">(DLC)sn 83009575</subfield></datafield><datafield ind1="0" ind2="0" tag="780"><subfield code="t">Federal gazette, and Baltimore daily advertiser (Baltimore, Md. : Triweekly)</subfield><subfield code="w">(DLC)sn 84038771</subfield></datafield><datafield ind1="0" ind2="0" tag="785"><subfield code="t">Gazette (Baltimore, Md. : Triweekly)</subfield><subfield code="w">(DLC)sn 84038810</subfield></datafield></record>